
@preamble{ "\newcommand{\noopsort}[1]{}"
#"\newcommand{\printfirst}[2]{#1}"
	# "\newcommand{\singleletter}[1]{#1}"
	# "\newcommand{\switchargs}[2]{#2#1}" }


%論文の場合
@article{test,
  title={人工現実感を利用した三次元空間内作業用マンマシーンインターフェース},
  author={廣瀬通孝},
  journal={ヒューマン インターフェース シンポジウム論文集},
  pages={201--206},
  year={1988}
}

%学会プロジーディングの場合
@inproceedings{ec_kui,
   	author={菊池康太 and 遠藤勝也 and 小野隆之 and 尼岡利崇},
   	title= {KUI:影ユーザーインタフェース},
   	booktitle={エンタテインメントコンピューティングシンポジウム2016論文集},
   	year={2016},
   	volume={2016},
   	number={""},
   	pages={259-262}
}

%本の場合
@book{key,
	author         = {},
	editor         = {},
	publisher      = {},
	title          = {},
	year           = {}
}

%その他，Webサイトなど
@Misc{globus_toolkit,
  title        = "{Welcome to the Globus Toolkit}",
  howpublished = "\url{http://www.globus.org/toolkit/}"
}