@book{ kage_book,
	author={河合隼雄},
	title={影の現象学},
	publisher={株式会社講談社},
	year={1987}
}

@inproceedings{ec_kui,
   	author={菊池康太 and 遠藤勝也 and 小野隆之 and 尼岡利崇},
   	title= {{KUI} : 影ユーザーインタフェース},
   	booktitle={エンタテインメントコンピューティングシンポジウム2016論文集},
   	year={2016},
   	volume={2016},
   	number={""},
   	pages={259-262}
}

@article{iwasaki,
	title={影内部映像に対するインタラクションの提案},
	author={岩崎妃呂子 and 水野慎士},
	journal={マルチメディア，分散協調とモバイルシンポジウム2016論文集},
	year={2016},
	volume={2016},
	number={},
	pages={1854--1858},
	}
