%% This BibTeX bibliography file was created using BibDesk.
%% http://bibdesk.sourceforge.net/


%% Created for Toshitaka AMAOKA at 2010-12-12 16:42:42 +0900 


%% Saved with string encoding Japanese (Shift JIS) 

@article{meanshift,
	Author = {Camaniciu,D. and Ramesh,V. and Meer,P.},
	Journal = {IEEE Transactions on Pattern Analysis and Machine Intelligence},
	Number = {5},
	Pages = {564-575},
	Title = {Kernel-Based Object Tracking},
	Volume = {25},
	Year = {2003}}

@article{becheiraz_1996,
	Author = {Becheiraz,P. and Thalmann,D.},
	Journal = {Computer Animation '96. Proceedings},
	Pages = {58-67},
	Title = {A Model of Nonverbal Communication and Interpersonal Relationship between Virtual Actors},
	Year = {1996}}

@article{shearer_2007,
	Author = {Shearer,J. and Olivier,P. and Boni,M.D. and Hurling,R.},
	Journal = {Proceedings of Persuasive 2007},
	Title = {Exploring Persuasive Potential of Embodied Conversational Agents Utilizing Synthetic Embodied Conversational Agents},
	Volume={4744},
	Pages={210-213},
	Year = {2007}}

@article{shearer_2006,
	Author = {Shearer,J. and Olivier,P. and Heslop,P. and Boni, M. D.},
	Journal = {Proceedings of AISB'06: Adaptation in Artificial and Biological Systems},
	Pages = {62-69},
	Title = {Requirements of Non-Verbal Communication in Believable Synthetic Agents},
	Volume = {3},
	Year = {2006}}

@article{capin_1997,
	Author = {Capin,T.K. and Pandzic,I.S. and Noser,H. and Thalmann,N.M. and Thalmann,D.},
	Journal = {IEEE Computer Graphics and Applications},
	Number = {2},
	Pages = {42-53},
	Title = {Virtual Human Representation and Communication in VLNET Networked Virtual Environments},
	Volume = {17},
	Year = {1997}}

@article{bailenson_2002,
	Author = {Bailenson,J.N. and Blascovich,J. and Beall,A.C. and Loomis, J. M.},
	Journal = {Personality and Social Psychology Bulletin},
	Number = {7},
	Pages = {819-833},
	Title = {Interpersonal Distance in Immersive Virtual Environments},
	Volume = {29},
	Year = {2003}}

@article{iizuka_2005,
	Author = {飯塚 重善，小川 克彦},
	Journal = {ヒ ューマンインタフェース学会論文誌},
	Number = {1},
	Pages = {69-75},
	Title = {パブリックスペースにおける PC 利用環境のための利用者後方距離による一考察},
	Volume = {8},
	Year = {2005}}

@article{OHNO,
	Author = {大野 隆造，松田 好晴},
	Journal = {日本建築学会計画系論文集},
	Number = {519},
	Pages = {93-99},
	Title = {公共空間における他者の占有領域の知覚に関する研究},
	Year = {1999}}

@proceedings{heishi_2006,
	Author = {瓶子 和幸，阿部 裕介，井上 智雄，中島 由子},
	Journal = {情報処理学会シンポジウム論文集},
	Number = {12},
	Pages = {133-138},
	Title = {適応的広告のための公共空間における複数人の関係の検討},
	Volume = {2006},
	Year = {2006}}

@article{ikegami_2007,
	Author = {池上 喜美子，喜多 由香理},
	Journal = {金沢大学教育学部紀要. 教育科学編},
	Pages = {1-12},
	Title = {対人距離に関する性・年齢・魅力・親密度の要因の検討},
	Volume = {56},
	Year = {2007}}

@article{aono_2003,
	Author = {青野 篤子},
	Journal = {社会心理学研究},
	Number = {1},
	Pages = {51-58},
	Title = {対人距離に及ぼす性と地位の影響: 従属仮説の観点から},
	Volume = {19},
	Year = {2003}}

@article{MITSUNAGANoriaki:2006-10-15,
	Author = {Mitsunaga,N. and Smith,C. and Kanda,T. and Ishiguro,H. and Hagita,N.},
	Journal = {Journal of the Robotics Society of Japan},
	Number = {7},
	Pages = {820-829},
	Title = {Robot Behavior Adaptation for Human-Robot Interaction based on Policy Gradient Reinforcement Learning},
	Volume = {24},
	Year = {2006}}

@article{Roussel_2004,
	Author = {Roussel,N. and Evans,H. and Hansen,H.},
	Journal = {IEEE MultiMedia},
	Number = {3},
	Pages = {12--16},
	Title = {Proximity as an Interface for Video Communication},
	Volume = {11},
	Year = {2004}}

@article{EGIHIRONORI:2006-03-15,
	Author = {江木 啓訓，重野 寛，岡田 謙一},
	Journal = {情報処理学会論文誌},
	Number = {3},
	Pages = {711-721},
	Title = {距離帯を用いた対面コラボレーション支援システム(社会・人間系の情報システム)},
	Volume = {47},
	Year = {2006}}

@article{Heisi_2006,
	Author = {瓶子 和幸，阿部 裕介，井上 智雄，中島 由子},
	Journal = {情報処理学会シンポジウム論文集},
	Number = {12},
	Pages = {133-138},
	Title = {適応的広告のための公共空間における複数人の関係の検討},
	Volume = {2006},
	Year = {2006}}

@article{Takayama:2009p1756,
	Author = {Takayama,L. and Pantofaru,C.},
	Journal = {Proceedings of the 27th International Conference on Human Factors in Computing Systems},
	Pages = {2099-2108},
	Title = {Influences on Proxemic Behaviors in Human-Robot Interaction},
	Year = {2009}}

@article{Kanda:2001p1333,
	Author = {Kanda,T. and Ishiguro,H. and Ishida,T.},
	Journal = {IEEE International Conference on Robotics and Automation, 2001. Proceedings 2001 ICRA},
	Title = {Psychological Analysis on Human-Robot Interaction},
	Pages = {4166-4173},
	Volume = {4},
	Year = {2001}}

@article{Pelechano:2005p442,
	Author = {Pelechano,N. and O'Brien,K. and Silverman,B. and Badler,N.},
	Journal = {First International Workshop on Crowd Simulation},
	Title = {Crowd Simulation Incorporating Agent Psychological Models, Roles and Communication},
	Pages = {21-30},
	Year = {2005}}

@article{Rymill:2005p473,
	Author = {Rymill,S. and Dodgson,N.},
	Journal = {Theory and Practice of Computer Graphics},
	Title = {A Psychologically Based Simulation of Human Behaviour},
	Pages={25-42},
	Year = {2005}}

@article{p-space,
	Author = {Quera, V.},
	Journal = {http://www.ub.edu/gcai/vquera/vquera\_pub.html\#Software},
	Title = {P-SPACE},
	Year = {2002}}

@article{little_1965,
	Author = {Little, K. B.},
	Journal = {Journal of Experimental Social Psychology},
	Pages = {237-247},
	Title = {Personal Space},
	Volume = {1},
	Year = {1965}}

@article{amaoka_2009_1d,
	Author = {尼岡 利崇，齋藤 豪，中嶋 正之},
	Journal = {芸術科学会論文誌},
	Number = {2},
	Pages = {90-99},
	Title = {+1D / NeoCubism ３次元コンピュータグラフィックスを用いた多視点映像表現},
	Volume = {8},
	Year = {2009}}

@article{kanade_1997,
	Author = {Kanade,T. and Rander,P. and Narayanan, P. J.},
	Journal = {IEEE MultiMedia},
	Number = {1},
	Pages = {34-47},
	Title = {Virtualized Reality: Constructing Virtual Worlds from Real Scenes},
	Volume = {4},
	Year = {1997}}

@article{starck_2003,
	Author = {Starck,J. and Hilton,A.},
	Journal = {IEEE International Conference on Computer Vision (ICCV)},
	Title = {Model-Based Multiple View Reconstruction of People},
	Volume = {2},
	Pages={915-922},
	Year = {2003}}

@article{Rander_1997,
	Author = {Rander,P. and Narayanan,P.J. and Kanade,T.},
	Journal = {Proc. Of IEEE Visualization '97},
	Pages = {277-283},
	Title = {Virtualized Reality: Constructing Time-Varying Virtual Worlds from Real World Events},
	Year = {1997}}

@article{inexpensive_3D,
	Author = {Yilmaz,U. and M\"{u}layim,A.Y. and Atalay,V.},
	Journal = {International Journal of Image and Graphics},
	Number = {2},
	Volume = {3},
	Pages = {235-263},
	Title = {An Image-Based Inexpensive 3D Scanner},
	Year = {2003}}

@article{adjectives,
	Author = {井上 正明，小林 利宣},
	Journal = {教育心理学研究},
	Number = {3},
	Pages = {253-260},
	Title = {日本におけるSD法による研究分野とその形容詞対尺度構成の概観},
	Volume = {33},
	Year = {1985}}

@article{eval_pict,
	Author = {相崎 友保，関根 征士，大河 正志},
	Journal = {日本色彩学会誌},
	Pages = {102-103},
	Title = {SD法による画像の快適性評価},
	Volume = {27},
	Year = {2003}}

@book{kannou_eval,
	Author = {佐藤 信},
	Publisher = {日科技連},
	Title = {統計的官能検査法},
	Year = {1985}}

@book{sdmethod,
	Author = {岩下 豊彦},
	Publisher = {川島書店},
	Title = {SD法によるイメージの測定ーその理解と実施の手引},
	Year = {1983}}
	
@book{cubism_book,
	Author = {ニール・コックス},
	Publisher = {岩波書店},
	Title = {岩波　世界の美術　キュビスム},
	Year = {2003}}

@article{osgood_1962,
	Author = {Osgood, C.E.},
	Journal = {Am. Psychol.},
	Pages = {10-28},
	Title = {Studies of the generality of affective meaning systems},
	Volume = {17},
	Year = {1962}}

@article{osgood_1957,
	Author = {Osgood, C.E.},
	Pages = {3-41},
	Publisher = {University of Illinois Press},
	Title = {The nature and measurement of meaning. In The Measurement of Meaning(C.E. Osgood, H. Tannenbaum and G.J. Suci, eds.)},
	Year = {1957}}

@book{environmentalSPSS,
	Author = {石村 貞夫，劉 晨},
	Publisher = {共立出版},
	Title = {多変量解析による環境統計学},
	Year = {2009}}

@book{architect_spss,
	Author = {廬 志和，石村 貞夫},
	Publisher = {東京図書},
	Title = {建築デザイン・福祉心理のためのSPSSによる統計処理},
	Year = {2005}}

@article{g-stalt,
	Author = {Zigelbaum,J. and Browning,A. and Leithinger,D. and Bau,O. and Ishii,H.},
	Journal = {TEI '10: Proceedings of the Fourth International Conference on Tangible, Embedded, and Embodied Interaction},
	Pages = {261--264},
	Title = {g-stalt: A Chirocentric, Spatiotemporal, and Telekinetic Gestural Interface},
	Year = {2010}}

@article{display,
	Author = {続 元宏，岩田 洋夫},
	Journal = {第6回日本バーチャルリアリティ学会論文集},
	Number = {1},
	Pages = {49-57},
	Title = {旋回式高解像度実画像ディスプレイ},
	Volume = {7},
	Year = {2002}}

@article{cubism,
	Author = {花澤 志},
	Journal = {美學},
	Number = {55},
	Pages = {49-57},
	Title = {マルセル・デュシャンのキュビスム期における独自性 : 〈第四の次元〉の概念を中心に},
	Volume = {3},
	Year = {2004}}

@article{tanaka_2006,
	Author = {タナカ・カツキ},
	Title = {イエス☆パノラーマ!360},
	Journal = {http://www.kaerucafe.com/ka2ki/},
	Year = {2006}}

@article{recollection,
	Author = {Tannenbaum, E.},
	Journal = {http://www.et-arts.com},
	Title = {Recollection},
	Year = {2005}}

@book{color,
	Author = {千々岩 英彰},
	Publisher = {東京大学出版会},
	Title = {色彩学概説},
	Year = {2001}}

@book{rgbCube,
	Author = {ウィリアム J. ミッシェル  },
	Publisher = {アスキー},
	Title = {リコンフィギュアード・アイ:デジタル画像による視 覚文化の変容},
	Year = {1994}}

@book{fujihata,
	Author = {藤幡 正樹},
	Publisher = {美術出版社},
	Title = {カラー・アズ・ア・コンセプト デジタル時代の色彩論},
	Year = {1997}}

@article{gateVision,
	Author = {小林 和彦},
	Title = {Gate Vision},
	Journal ={http://www.k-kobayashi.info/},
	Year = {2005}}

@article{ipad,
	Author = {アップル社},
	Journal = {http://www.apple.com/jp/ipad/},
	Title = {iPad},
	Bdsk-Url-1 = {http://www.apple.com/jp/ipad/}}

@article{iphone,
	Author = {アップル社},
	Journal = {http://www.apple.com/jp/iphone/},
	Title = {iPhone},
	Bdsk-Url-1 = {http://www.apple.com/jp/iphone/}}

@article{ZiaulHaque:2010p698,
	Abstract = { 2005), pp. 716-722, 2005. 37. Henrik I. Christensen,  . ``Embodied social interaction for robots''. Proceedings of },
	Author = {Zia-ul-Haque,Q.S.M. and Wang,Z. and Jadoon, N. R.},

	Journal = {ieeexplore.ieee.org},
	Local-Url = {file://localhost/Users/amaoka/Documents/Papers/Unknown/Zia-ul-Haque/ieeexplore.ieee.org%20%20Zia-ul-Haque.pdf},
	Rating = {0},
	Title = {Investigating the Uncanny Valley and Human Desires for Interactive Robots},
	Uri = {papers://B3DFDF41-9C76-4DE1-B850-7F53C2A29793/Paper/p698},
	Url = {http://ieeexplore.ieee.org/xpls/abs_all.jsp?arnumber=4522516},
	Bdsk-Url-1 = {http://ieeexplore.ieee.org/xpls/abs_all.jsp?arnumber=4522516}}

@book{imageProcessing,
	Author = {高木 幹雄，下田 陽久},
	Publisher = {東京大学出版会},
	Title = {新編 画像解析ハンドブック},
	Year = {2004}}

@article{reaction,
	Author = {Shiffman, D.},
	Journal = {http://www.shiffman.net/projects/super-shiny-happy-particles/},
	Title = {Reaction},
	Year = {2004}}

@article{cinemaFabrique,
	Author = {Manor, J.},
	Journal = {Prix Ars Electronica 2003 CyberArts 2003},
	Pages = {110-111},
	Title = {Cin\'{e}ma Fabriqu\'{e}},
	Year = {2003}}

@article{deepwalls,
	Author = {Snibbe, S.},
	Journal = {http://www.snibbe.com/projects/interactive/deepwalls},
	Title = {Deep Walls},
	Year = {2002}}

@article{textrain,
	Author = {Utterback,C. and Achituv,R.},
	Journal = {http://www.camilleutterback.com/textrain.html},
	Title = {Text Rain},
	Year = {1999}}

@article{wii,
	Author = {任天堂},
	Journal = {http://www.nintendo.com/wii},
	Title = {Wii}}

@article{myron_1985,
	Author = {Krueger,M.W. and Gionfriddo,T. and Hinrichsen,K.},
	Journal = {SIGCHI Bull.},
	Number = {4},
	Pages = {35--40},
	Title = {VIDEOPLACE---an Artificial Reality},
	Volume = {16},
	Year = {1985}}

@article{myron,
	Author = {Krueger,M.},
	Title = {Videoplace},
	Year = {1969}}

@article{iizuka_2006,
	Author = {飯塚 重善，後藤 雄亮，小川 克彦},
	Journal = {情報処理学会研究報告},
	Pages = {63-70},
	Title = {パブリックスペースでの情報利用時の安心度表現の試み},
	Volume = {72},
	Year = {2006}}

@article{TanakaYu:2002-09-01,
	Author = { 田中 悠，牛田 啓太，杉田 馨，苗村 健，原島 博，島田 義弘},
	Journal = {映像情報メディア学会誌},
	Number = {9},
	Pages = {1500-1505},
	Title = {壁とパーソナル空間の交わりを情報環境にするシステムi-wall},
	Volume = {56},
	Year = {2002}}

@article{Shibuya:1985p2900,
	Affiliation = {Yamanashi Medial University},
	Author = {渋谷 昌三},
	Journal = {山梨医大紀要},
	Pages = {41-49},
	Title = {パーソナル・スペースの形態に関する一考察},
	Volume = {2},
	Year = {1985}}

@article{Tasaki:2004p269,
	Author = {Tasaki,T. and Matsumoto,S. and Ohba,H. and Yamamoto,S. and Toda,M. and Komatani,K. and Ogata,T. and Okuno, H. G.},
	Journal = {Nippon Robotto Gakkai Gakujutsu Koenkai Yokoshu (CD-ROM)},
	Title = {Proxemics Based Interaction of Humanoid SIG2 with People},
	Volume = {22},
	Year = {2004}}

@book{questionnaire_analysis,
	Author = {菅 民郎},
	Publisher = {現代数学社},
	Title = {すべてがわかるアンケートデータの分析},
	Year = {1998}}

@book{kansei,
	Author = {長町 三生},
	Publisher = {海文堂出版},
	Title = {感性工学ー感性をデザインに生かすテクノロジー},
	Year = {1989}}

@book{sound_eval,
	Author = {難波 精一郎，桑野 園子},
	Date = {1998},
	Journal = {The Journal of the Acoustical Society of Japan},
	Title = {音響テクノロジーシリーズ4　音の評価のための心理学的測定法},
	Publisher = {コロナ社},
	Year ={1998}}

@article{Likhachev:2000,
	Author = {Likhachev,M. and Arkin,R.},
	Journal = {Proc. SPIE Sensor Fusion and Decentralized Control in Robotic Systems III},
	Pages = {27-41},
	Title = {Robotic Comfort Zones},
	Year = {2000}}

@article{springerlink:10.1007/11861201_57,
	Author = {Was,J. and Gudowski,B. and Matuszyk, P. J.},
	Journal = {Cellular Automata},
	Editor = {El Yacoubi, Samira and Chopard, Bastien and Bandini, Stefania},
	Publisher = {Springer Berlin / Heidelberg},
	Series = {Lecture Notes in Computer Science},
	Title = {Social Distances Model of Pedestrian Dynamics},
	Url = {http://dx.doi.org/10.1007/11861201_57},
	Volume = {4173},
	Pages = {492-501},
	Year = {2006},
	Bdsk-Url-1 = {http://dx.doi.org/10.1007/11861201_57}}

@article{Sakuma:2005p292,
	Author = {Sakuma,T. and Mukai,T. and Kuriyama,S.},
	Journal = {Computer Animation and Virtual Worlds},
	Title = {Psychological Model for Animating Crowded Pedestrians},
	Volume={16},
	Issue={3-4},
	Pages={343-351},
	Year = {2005},
	Bdsk-Url-1 = {http://citeseerx.ist.psu.edu/viewdoc/download?doi=10.1.1.99.7910&rep=rep1&type=pdf}}

@article{Shao:2005p3073,
	Author = {Shao,W. and Terzopoulos,D.},
	Journal = {In SCA ’05: Proceedings of the 2005 ACM SIGGRAPH/Eurographics Symposium on Computer Animation},
	Title = {Autonomous Pedestrians},
	Pages ={19-28},
	Year = {2005}}

@article{Helbing:1995p3072,
	Author = {Helbing,D. and Moln\'{a}r,P.},
	Journal = {Phys Rev E Stat Phys Plasmas Fluids Relat Interdiscip Topics},
	Number = {5},
	Pages = {4282--4286},
	Title = {Social Force Model for Pedestrian Dynamics},
	Volume = {51},
	Year = {1995}}

@article{Baxter:1970p335,
	Author = {Baxter,J.},
	Journal = {Sociometry},
	Number = {4},
	Pages = {444-456},
	Title = {Interpersonal Spacing in Natural Settings},
	Volume = {33},
	Year = {1970}}

@article{Aono:1981p2895,
	Author = {青野 篤子},
	Journal = {心理学研究},
	Number = {2},
	Pages = {124--127},
	Title = {個人空間に及ぼす性と支配性の影響},
	Volume = {52},
	Year = {1981}}

@article{MatsushitaNobuyuki:1998-11-16,
	Author = {松下 伸行，暦本 純一，安西 祐一郎},
	Journal = {コンピュータソフトウェア},
	Number = {6},
	Pages = {535-541},
	Publisher = {Japan Society for Software Science and Technology (JSSST)},
	Title = {HoloWall : 壁面型インターフェースの新しい構成手法},
	Volume = {15},
	Year = {1998}}

@article{Quera:2000p456,
	Author = {Quera,V. and Solanas,A. and Salafranca,L. and Beltran,F.},
	Journal = {From Animals to Animats},
	Title = {A Dynamic Model for Inter-Agent Distances},
	Pages = {304-313},
	Year = {2000}}

@article{QUERA:2000p3179,
	Author = {Quera,V. and Solanas,A. and Salafranca,L. and Beltran,F. and Herrando,S.},
	Journal = {Behavior Research Methods, Instruments, Computers},
	Number = {1},
	Pages = {191-196},
	Title = {P-SPACE: A Program for Simulating Spatial Behavior in Small Groups},
	Volume = {32},
	Year = {2000}}

@article{Beltran:2006p281,
	Abstract = { Quera (2006).    :  -  . Journal of Artificial Societies and Social Simulation vol. 9, no. 3 },
	Author = {Beltran,F. and Salas,L. and Quera,V.},
	Journal = {Journal of Artificial Societies and Social Simulation},
	Title = {Spatial Behavior in Groups: an Agent-Based Approach},
	Volume ={9},
	Number = {3},
	Year = {2006}}

@article{quera_2000,
	Author = {Quera,V. and Beltran,F.S. and Solanas,A. and Salafranca,L. and Herrando,S.},
	Journal = {From Animals to Animats, Honolulu: The International Society for Adaptive Behavior},
	Pages = {304-313},
	Title = {A Dynamic Model for Inter-Agent Distances},
	Volume = {6},
	Year = {2000}}

@article{walters_aisb2009,
	Author = {Walters,M.L. and Dautenhahn,K. and Boekhorst,R. and Koay,K. L. and Syrdal,D.S. and Nehaniv,C.},
	Journal = {The Symposium on New Frontiers in Human-Robot Interaction},
	Location = {Edinburgh, Scotland},
	Title = {An Empirical Framework for Human-Robot Proxemics},
	Year = {2009}}

@article{anfis_2007,
	Author = {Balasuriya,J.C. and Watanabe,K. and Pallegedara,A.},
	Booktitle = {Industrial and Information Systems, 2007. ICIIS 2007. International Conference on},
	Pages = {523-528},
	Title = {ANFIS based active personal space for autonomous robots in ubiquitous environments},
	Year = {2007},
	Bdsk-Url-1 = {http://dx.doi.org/10.1109/ICIINFS.2007.4579233}}

@article{Rehm_2008,
	Author = {Rehm,M. and Nakano,Y. and Andres,E. and Nishida,T.},
	Date-Added = {2010-09-20 16:33:16 +0900},
	Date-Modified = {2010-09-20 16:33:16 +0900},
	Journal = {IVA},
	Pages = {223-236},
	Title = {Culture-Specific First Meeting Encounters between Virtual Agents},
	Year = {2008}}

@article{Pacchierotti_2006,
	Author = {Pacchierotti,E. and Christensen,H.I. and Jensfelt,P.},
	Booktitle = {Robot and Human Interactive Communication, 2006. ROMAN 2006. The 15th IEEE International Symposium on},
	Pages = {315-320},
	Title = {Evaluation of Passing Distance for Social Robots},
	Year = {2006},
	Bdsk-Url-1 = {http://dx.doi.org/10.1109/ROMAN.2006.314436}}

@article{McDonald_2006,
	Author = {McDonald,D. and Lazarus,R. and Leung,A. and Hussain,T. and Bharathy,G. and Eidelson,R.J. and Pelechano,N. and Sandhaus,E. and Silverman, B. G.},
	Journal = {In proc. of the 2006 Behavior Representation in Modeling and Simulation (BRIMS) Conf},
	Title = {Interoperable Human Behavior Models for Simulations},
	Year = {2006}}

@article{sociometry_1970,
	Author = {Baxter, J. C. },
	Journal = {Sociometry},
	Number = {4},
	Pages = {444-456},
	Title = {Interpersonal spacing in natural settings},
	Volume = {33},
	Year = {1970}}

@article{bethel_hri2007,
	Author = {Bethel,C.L. and Murphy, R. R.},
	Booktitle = {HRI '07: Proceedings of the ACM/IEEE international conference on Human-robot interaction},
	Pages = {287--294},
	Publisher = {ACM},
	Title = {Non-facial/non-verbal methods of affective expression as applied to robot-assisted victim assessment},
	Year = {2007}}

@article{Mancini_2004,
	Author = {Mancini,M. and Hartmann,B. and Pelachaud,C.},
	Journal = {Technical Report of the EU-Project PF-STAR},
	Title = {Non-Verbal Behaviors Expressivity and Their Representation},
	Year = {2004}}

@article{Rehm_2009,
	Author = {Rehm,M. and Endrass,B.},
	Journal = {AI Society},
	Number = {1},
	Title = {Rapid Prototyping of Social Group Dynamics in Multiagent Systems},
	Pages ={13-23},
	Volume = {24},
	Year = {2009}}

@article{francesc_2006,
	Author = {Beltran,F.S. and Salas,L. and Quera,V.},
	Journal = {Journal of Artificial Societies and Social Simulation},
	Number = {3},
	Pages = {5},
	Title = {Spatial Behavior in Groups: an Agent-Based Approach},
	Volume = {9},
	Year = {2006}}

@book{Wallis1998,
	Author = {内田 治},
	Date-Added = {2010-08-30 18:03:17 +0900},
	Date-Modified = {2010-09-01 15:14:31 +0900},
	Publisher = {東京図書株式会社},
	Title = {すぐわかるエクセルによるアンケートの調査・集計・解析},
	Year = {1998}}

@book{hall1959,
	Author = {Hall, T. E.},
	Publisher = {Doubleday, Garden City, N.Y.},
	Subjects = {Intercultural communication.},
	Title = {The Silent Language},
	Type = {Book},
	Year = {1959}}

@article{suzuki1988,
	Author = {鈴木 晶夫},
	Journal = {早稲田大学人間科学研究},
	Number = {1},
	Pages = {23-29},
	Title = {パーソナル・スペースの基礎的研究（１）},
	Volume = {1},
	Year = {1988}}

@article{heshka1972,
	Author = {Heshka,S. and Nelson,Y.},
	Journal = {Sociometry},
	Pages = {491-498},
	Title = {Interpersonal Speaking Distance as a Function of Age, Sex and Relationship},
	Volume = {35},
	Year = {1972}}

@article{camera_mouse,
	Journal = {http://www.cameramouse.org/},
	Title = {Camera mouse},
	Urldate = {November 15, 2009},
	Bdsk-Url-1 = {http://www.cameramouse.org/}}

@book{hall_1990,
	Author = {Hall, T. E.},
	Isbn = {978-0385084765},
	Publisher = {Anchor Books, Re-issue},
	Title = {The Hidden Dimension: Man's Use of Space in Public and Private},
	Year = {1990}}

@book{shibuya_1990,
	Author = {渋谷 昌三},
	Isbn = {978-4140016053},
	Publisher = {日本放送出版協会},
	Title = {人と人との快適距離―パーソナル・スペースとは何か},
	Year = {1990}}

@article{hall_1968,
	Author = {Hall, T. E.},
	Journal = {Current Anthropology},
	Number = {2-3},
	Pages = {83-108},
	Title = {Proxemics},
	Volume = {9},
	Year = {1968}}

@book{sommer_1969,
	Author = {Sommer, R.},
	Publisher = {Prentice Hall Trade},
	Title = {Personal Space: The Behavioral Basis of Design},
	Year = {1969}}

@article{hannu_2008,
	Author = {Soronen,H. and Turunen,M. and Hakulinen,J.},
	Journal = {In Proceedings of Interspeech 2008},
	Title = {Voice Commands in Home Environment - A Consumer Survey - Evaluation},
	Pages={2078-2081},
	Year = {2008}}

@article{yee_2007,
	Author = {Yee,N. and Bailenson,J.N. and Urbanek,M. and Chang,F. and Merget,D.},
	Journal = {Journal of CyberPsychology and Behavior},
	Pages = {115-121},
	Title = {The unbearable likeness of being digital: The persistence of nonverbal social norms in online virtual environments.},
	Volume = {10},
	Year = {2007}}

@article{Tasaki_2006,
	Author = {Tasaki,T. and Matsumoto,S. and Ohba,H. and Yamamoto,S. and Toda,M. and Komatani,K. and Ogata,T. and Okuno, H. G.},
	Journal = {Transactions of the Japanese Society of Artificial Intelligence},
	Pages = {209-219},
	Title = {Dynamic Communication of Humanoid Robot with Multiple People Based on Interaction Distance},
	Volume = {20},
	Year = {2005}}

@article{Friedman_2007,
	Author = {Friedman,D. and Steed,A. and Slater,M.},
	Journal = {Intelligent Virtual Agents 2007},
	Pages = {285-295},
	Title = {Spatial Social Behavior in Second Life.},
	Year = {2007}}

@article{suzuki_1988,
	Author = {Suzuki, M.},
	Journal = {Waseda studies in human sciences},
	Number = {1(19880325)},
	Pages = {23-29},
	Title = {A Basic Study of Personal Space},
	Volume = {1},
	Year = {1988}}

@article{gillies_2005,
	Author = {Gillies,M. and Slater,M.},
	Journal = {Proceedings of the 8th Annual International Workshop on Presence, London},
	Title = {Non-verbal Communication for Correlational Characters},
	Year = {2005}}

@article{viola_2004,
	Author = {Viola,P. and Jones,M.},
	Journal = {International Journal of Computer Vision},
	Number = {2},
	Pages = {137-154},
	Title = {Robust Real-Time Face Detection},
	Volume = {55},
	Year = {2004}}

@book{humanBody_1996,
	Author = {生命工学工業技術研究所編},
	Publisher = {日本出版サービス},
	Title = {設計のための人体寸法データ集},
	Year = {1996}}
	
@article{kawauchi_1994,
	Author = {河内 まき子，横山 一也，山下 樹里，横井 孝志，小木 元，吉岡 松太郎，渥美 浩章，堀田 明裕},
	Journal = {生命工学工業技術研究所報告},
	Number = {2},
	Title = {設計のための人体寸法データ集},
	Volume = {1},
	Year = {1994}}	